<record><leader>00000cas a22000007a 4500</leader><controlfield tag="001">14283757</controlfield><controlfield tag="008">860930d18721880paudn ne      0    0eng d</controlfield><datafield ind1=" " ind2=" " tag="010"><subfield code="a">sn 86053741 </subfield></datafield><datafield ind1=" " ind2=" " tag="040"><subfield code="a">NPX</subfield><subfield code="b">eng</subfield><subfield code="c">NPX</subfield><subfield code="d">NPV</subfield><subfield code="d">NPH</subfield><subfield code="d">OCLCQ</subfield></datafield><datafield ind1=" " ind2=" " tag="042"><subfield code="a">msc</subfield></datafield><datafield ind1="0" ind2=" " tag="130"><subfield code="a">Evening Republican (Meadville, Pa. : 1872)</subfield></datafield><datafield ind1="1" ind2="0" tag="245"><subfield code="a">Evening Republican.</subfield></datafield><datafield ind1="1" ind2="3" tag="246"><subfield code="a">Daily Republican</subfield></datafield><datafield ind1=" " ind2=" " tag="260"><subfield code="a">Meadville, Pa. :</subfield><subfield code="b">[s.n.],</subfield><subfield code="c">1872-1880.</subfield></datafield><datafield ind1=" " ind2=" " tag="300"><subfield code="a">v.</subfield></datafield><datafield ind1=" " ind2=" " tag="310"><subfield code="a">Daily</subfield></datafield><datafield ind1="0" ind2=" " tag="362"><subfield code="a">Vol. 8, no. 59 (July 13, 1872)-v. 15, no. 241 (Mar. 12, 1880).</subfield></datafield><datafield ind1=" " ind2=" " tag="500"><subfield code="a">Editor: J.W.H. Reisinger.</subfield></datafield><datafield ind1=" " ind2=" " tag="580"><subfield code="a">Weekly eds.: Meadville Republican (Meadville, Pa. : 1860), 1872-1878; Meadville dollar Republican, 1879; Meadville Republican (Meadville, Pa. : 1880), 1880.</subfield></datafield><datafield ind1=" " ind2=" " tag="752"><subfield code="a">United States</subfield><subfield code="b">Pennsylvania</subfield><subfield code="c">Crawford</subfield><subfield code="d">Meadville.</subfield></datafield><datafield ind1="1" ind2=" " tag="775"><subfield code="t">Meadville Republican (Meadville, Pa. : 1860)</subfield><subfield code="w">(DLC)sn 84026029</subfield></datafield><datafield ind1="1" ind2=" " tag="775"><subfield code="t">Meadville dollar Republican</subfield><subfield code="w">(DLC)sn 88079391</subfield></datafield><datafield ind1="1" ind2=" " tag="775"><subfield code="t">Meadville Republican (Meadville, Pa. : 1880)</subfield><subfield code="w">(DLC)sn 88079392</subfield></datafield><datafield ind1="0" ind2="0" tag="780"><subfield code="t">Meadville daily Republican (Meadville, Pa. : 1865)</subfield><subfield code="w">(DLC)sn 86053740</subfield></datafield><datafield ind1="0" ind2="0" tag="785"><subfield code="t">Meadville daily Republican (Meadville, Pa. : 1880)</subfield><subfield code="w">(DLC)sn 88079337</subfield></datafield><datafield ind1="1" ind2=" " tag="029"><subfield code="a">AU@</subfield><subfield code="b">000025794362</subfield></datafield></record>